<record><leader>00000cas a22000007a 4500</leader><controlfield tag="001">9288705</controlfield><controlfield tag="008">830308c19839999txudn ne      0   a0eng d</controlfield><datafield ind1=" " ind2=" " tag="010"><subfield code="a">sn 83002061 </subfield></datafield><datafield ind1=" " ind2=" " tag="040"><subfield code="a">NSD</subfield><subfield code="b">eng</subfield><subfield code="c">NSD</subfield><subfield code="d">PPM</subfield><subfield code="d">OCLCQ</subfield></datafield><datafield ind1=" " ind2=" " tag="012"><subfield code="m">1</subfield></datafield><datafield ind1="1" ind2=" " tag="022"><subfield code="a">0745-547X</subfield><subfield code="l">0745-547X</subfield><subfield code="2">1</subfield></datafield><datafield ind1="1" ind2=" " tag="029"><subfield code="a">AU@</subfield><subfield code="b">000025807542</subfield></datafield><datafield ind1=" " ind2=" " tag="032"><subfield code="a">321580</subfield><subfield code="b">USPS</subfield></datafield><datafield ind1=" " ind2=" " tag="037"><subfield code="b">Avalanche-Journal Publishing Co., 710 Avenue J, Lubbock, TX 79408</subfield></datafield><datafield ind1=" " ind2=" " tag="042"><subfield code="a">nsdp</subfield></datafield><datafield ind1="0" ind2=" " tag="130"><subfield code="a">Evening journal (Lubbock, Tex.)</subfield></datafield><datafield ind1=" " ind2="0" tag="222"><subfield code="a">Evening journal</subfield><subfield code="b">(Lubbock, Tex.)</subfield></datafield><datafield ind1="0" ind2="0" tag="245"><subfield code="a">Evening journal.</subfield></datafield><datafield ind1=" " ind2=" " tag="260"><subfield code="a">Lubbock, Tex. :</subfield><subfield code="b">[Avalanche-Journal Pub. Co.,</subfield></datafield><datafield ind1=" " ind2=" " tag="310"><subfield code="a">Daily (except weekends and holidays)</subfield></datafield><datafield ind1="0" ind2=" " tag="362"><subfield code="a">Vol. 1, no. 1 (Jan. 31, 1983)-</subfield></datafield><datafield ind1="0" ind2="0" tag="780"><subfield code="t">Lubbock avalanche-journal</subfield></datafield><datafield ind1=" " ind2=" " tag="936"><subfield code="a">Feb. 11, 1983</subfield></datafield></record>